<record><leader>00000cas a22000007a 4500</leader><controlfield tag="001">39553641</controlfield><controlfield tag="008">980727d19531953cauwr ne      0    0eng d</controlfield><datafield ind1=" " ind2=" " tag="010"><subfield code="a">sn 98061404 </subfield></datafield><datafield ind1=" " ind2=" " tag="040"><subfield code="a">CNK</subfield><subfield code="b">eng</subfield><subfield code="c">CNK</subfield><subfield code="d">OCLCQ</subfield></datafield><datafield ind1=" " ind2=" " tag="042"><subfield code="a">msc</subfield></datafield><datafield ind1=" " ind2=" " tag="043"><subfield code="a">n-us-ca</subfield></datafield><datafield ind1="0" ind2="0" tag="245"><subfield code="a">Imperial hometown newspaper.</subfield></datafield><datafield ind1=" " ind2=" " tag="260"><subfield code="a">Imperial, Calif. :</subfield><subfield code="b">[s.n.]</subfield></datafield><datafield ind1=" " ind2=" " tag="300"><subfield code="a">v.</subfield></datafield><datafield ind1=" " ind2=" " tag="310"><subfield code="a">Weekly</subfield></datafield><datafield ind1="0" ind2=" " tag="362"><subfield code="a">Vol. 1, no. 1 (Nov. 19, 1953)-v. 1, no. 3 (Dec. 3, 1953).</subfield></datafield><datafield ind1=" " ind2="0" tag="651"><subfield code="a">Imperial Valley Region (Calif.)</subfield><subfield code="v">Newspapers.</subfield></datafield><datafield ind1=" " ind2=" " tag="752"><subfield code="a">United States</subfield><subfield code="b">California</subfield><subfield code="c">Imperial</subfield><subfield code="d">Imperial.</subfield></datafield><datafield ind1="0" ind2="0" tag="785"><subfield code="t">Imperial hometown review</subfield><subfield code="w">(DLC)sn 98061405</subfield></datafield><datafield ind1="1" ind2=" " tag="029"><subfield code="a">AU@</subfield><subfield code="b">000014122479</subfield></datafield></record>